<record><leader>00000cas a22000007a 4500</leader><controlfield tag="001">15182517</controlfield><controlfield tag="008">870211d18601865wiudn ne      0    0eng d</controlfield><datafield ind1=" " ind2=" " tag="010"><subfield code="a">sn 87082075 </subfield></datafield><datafield ind1=" " ind2=" " tag="040"><subfield code="a">NPV</subfield><subfield code="b">eng</subfield><subfield code="c">NPV</subfield><subfield code="d">NPX</subfield><subfield code="d">OCLCQ</subfield><subfield code="d">LIBRO</subfield><subfield code="d">OCLCO</subfield><subfield code="d">OCLCF</subfield></datafield><datafield ind1=" " ind2=" " tag="019"><subfield code="a">43476851</subfield></datafield><datafield ind1=" " ind2=" " tag="042"><subfield code="a">msc</subfield></datafield><datafield ind1="0" ind2=" " tag="130"><subfield code="a">Janesville daily gazette (Janesville, Wis. : 1860)</subfield></datafield><datafield ind1="1" ind2="0" tag="245"><subfield code="a">Janesville daily gazette.</subfield></datafield><datafield ind1="1" ind2="3" tag="246"><subfield code="a">Daily gazette</subfield></datafield><datafield ind1=" " ind2=" " tag="260"><subfield code="a">Janesville, Wis. :</subfield><subfield code="b">Holt, Bower &amp; Wilcox,</subfield><subfield code="c">1860-1865.</subfield></datafield><datafield ind1=" " ind2=" " tag="300"><subfield code="a">v. ;</subfield><subfield code="c">59 cm.</subfield></datafield><datafield ind1=" " ind2=" " tag="310"><subfield code="a">Daily (except Sun.)</subfield></datafield><datafield ind1="0" ind2=" " tag="362"><subfield code="a">Vol. 4, no. 9 (Mar. 19, 1860)-v. 9, no. 11 (Mar. 2, 1865).</subfield></datafield><datafield ind1=" " ind2=" " tag="500"><subfield code="a">Issued also in a tri-weekly edition, &lt;1865&gt;-&lt;1866&gt;.</subfield></datafield><datafield ind1=" " ind2=" " tag="580"><subfield code="a">Issued also in a weekly edition called Weekly gazette and free press, 1857-1864; Janesville weekly gazette, 1864-1865.</subfield></datafield><datafield ind1=" " ind2="0" tag="651"><subfield code="a">Janesville (Wis.)</subfield><subfield code="v">Newspapers.</subfield></datafield><datafield ind1=" " ind2="0" tag="651"><subfield code="a">Rock County (Wis.)</subfield><subfield code="v">Newspapers.</subfield></datafield><datafield ind1=" " ind2="0" tag="651"><subfield code="a">United States</subfield><subfield code="x">History</subfield><subfield code="y">Civil War, 1861-1865</subfield><subfield code="v">Sources.</subfield></datafield><datafield ind1=" " ind2="7" tag="655"><subfield code="a">History.</subfield><subfield code="2">fast</subfield><subfield code="0">(OCoLC)fst01411628</subfield></datafield><datafield ind1=" " ind2="7" tag="655"><subfield code="a">Newspapers.</subfield><subfield code="2">fast</subfield><subfield code="0">(OCoLC)fst01423814</subfield></datafield><datafield ind1=" " ind2="7" tag="655"><subfield code="a">Sources.</subfield><subfield code="2">fast</subfield><subfield code="0">(OCoLC)fst01423900</subfield></datafield><datafield ind1="2" ind2="7" tag="611"><subfield code="a">American Civil War (1861-1865)</subfield><subfield code="2">fast</subfield><subfield code="0">(OCoLC)fst01351658</subfield></datafield><datafield ind1=" " ind2="7" tag="648"><subfield code="a">1861 - 1865</subfield><subfield code="2">fast</subfield></datafield><datafield ind1=" " ind2="7" tag="651"><subfield code="a">United States.</subfield><subfield code="2">fast</subfield><subfield code="0">(OCoLC)fst01204155</subfield></datafield><datafield ind1=" " ind2="7" tag="651"><subfield code="a">Wisconsin</subfield><subfield code="z">Janesville.</subfield><subfield code="2">fast</subfield><subfield code="0">(OCoLC)fst01222793</subfield></datafield><datafield ind1=" " ind2="7" tag="651"><subfield code="a">Wisconsin</subfield><subfield code="z">Rock County.</subfield><subfield code="2">fast</subfield><subfield code="0">(OCoLC)fst01215937</subfield></datafield><datafield ind1=" " ind2=" " tag="752"><subfield code="a">United States</subfield><subfield code="b">Wisconsin</subfield><subfield code="c">Rock</subfield><subfield code="d">Janesville.</subfield></datafield><datafield ind1="1" ind2=" " tag="775"><subfield code="t">Weekly gazette and free press</subfield><subfield code="w">(DLC)sn 84024407</subfield></datafield><datafield ind1="1" ind2=" " tag="775"><subfield code="t">Janesville weekly gazette</subfield><subfield code="w">(DLC)sn 86072063</subfield></datafield><datafield ind1="0" ind2="0" tag="780"><subfield code="t">Janesville morning gazette</subfield><subfield code="w">(DLC)sn 87082074</subfield></datafield><datafield ind1="0" ind2="0" tag="785"><subfield code="t">Janesville gazette (Janesville, Wis. : 1865 : Daily)</subfield><subfield code="w">(DLC)sn 85033118</subfield></datafield></record>